
@article{tarjan1979,
    title = {A linear-time algorithm for testing the truth of certain quantified boolean formulas},
    author = {Aspvall, Bengt and Plass, Michael F. and Trajan, Robert E.},
    journal = {Information Processing Letters},
    year = {1979},
    month = {03},
    volume = {8},
    number = {3}
}